% GAN
@inproceedings{NIPS2014_5ca3e9b1,
 author = {Goodfellow, Ian and Pouget-Abadie, Jean and Mirza, Mehdi and Xu, Bing and Warde-Farley, David and Ozair, Sherjil and Courville, Aaron and Bengio, Yoshua},
 booktitle = {Advances in Neural Information Processing Systems},
 editor = {Z. Ghahramani and M. Welling and C. Cortes and N. Lawrence and K. Q. Weinberger},
 pages = {2672--2680},
 publisher = {Curran Associates, Inc.},
 title = {Generative Adversarial Nets},
 url = {https://proceedings.neurips.cc/paper/2014/file/5ca3e9b122f61f8f06494c97b1afccf3-Paper.pdf},
 volume = {27},
 year = {2014}
}

% StyleGAN
@article{DBLP:journals/corr/abs-1812-04948,
  author    = {Tero Karras and
               Samuli Laine and
               Timo Aila},
  title     = {A Style-Based Generator Architecture for Generative Adversarial Networks},
  journal   = {CoRR},
  volume    = {abs/1812.04948},
  year      = {2018},
  url       = {http://arxiv.org/abs/1812.04948},
  archivePrefix = {arXiv},
  eprint    = {1812.04948},
  timestamp = {Tue, 01 Jan 2019 15:01:25 +0100},
  biburl    = {https://dblp.org/rec/journals/corr/abs-1812-04948.bib},
  bibsource = {dblp computer science bibliography, https://dblp.org}
}

% AI Composed Music (Survey)
@article{DBLP:journals/corr/abs-1709-01620,
  author    = {Jean{-}Pierre Briot and
               Ga{\"{e}}tan Hadjeres and
               Fran{\c{c}}ois Pachet},
  title     = {Deep Learning Techniques for Music Generation - {A} Survey},
  journal   = {CoRR},
  volume    = {abs/1709.01620},
  year      = {2017},
  url       = {http://arxiv.org/abs/1709.01620},
  archivePrefix = {arXiv},
  eprint    = {1709.01620},
  timestamp = {Mon, 13 Aug 2018 16:48:11 +0200},
  biburl    = {https://dblp.org/rec/journals/corr/abs-1709-01620.bib},
  bibsource = {dblp computer science bibliography, https://dblp.org}
}

% BERT
@article{DBLP:journals/corr/abs-1810-04805,
  author    = {Jacob Devlin and
               Ming{-}Wei Chang and
               Kenton Lee and
               Kristina Toutanova},
  title     = {{BERT:} Pre-training of Deep Bidirectional Transformers for Language
               Understanding},
  journal   = {CoRR},
  volume    = {abs/1810.04805},
  year      = {2018},
  url       = {http://arxiv.org/abs/1810.04805},
  archivePrefix = {arXiv},
  eprint    = {1810.04805},
  timestamp = {Tue, 30 Oct 2018 20:39:56 +0100},
  biburl    = {https://dblp.org/rec/journals/corr/abs-1810-04805.bib},
  bibsource = {dblp computer science bibliography, https://dblp.org}
}

% GPT-3
@misc{brown2020language,
      title={Language Models are Few-Shot Learners}, 
      author={Tom B. Brown and Benjamin Mann and Nick Ryder and Melanie Subbiah and Jared Kaplan and Prafulla Dhariwal and Arvind Neelakantan and Pranav Shyam and Girish Sastry and Amanda Askell and Sandhini Agarwal and Ariel Herbert-Voss and Gretchen Krueger and Tom Henighan and Rewon Child and Aditya Ramesh and Daniel M. Ziegler and Jeffrey Wu and Clemens Winter and Christopher Hesse and Mark Chen and Eric Sigler and Mateusz Litwin and Scott Gray and Benjamin Chess and Jack Clark and Christopher Berner and Sam McCandlish and Alec Radford and Ilya Sutskever and Dario Amodei},
      year={2020},
      eprint={2005.14165},
      archivePrefix={arXiv},
      primaryClass={cs.CL}
}



@article{DBLP:journals/corr/abs-1908-07656,
  author    = {Mahbubul Alam and
               Manar D. Samad and
               Lasitha Vidyaratne and
               Alexander Glandon and
               Khan M. Iftekharuddin},
  title     = {Survey on Deep Neural Networks in Speech and Vision Systems},
  journal   = {CoRR},
  volume    = {abs/1908.07656},
  year      = {2019},
  url       = {http://arxiv.org/abs/1908.07656},
  archivePrefix = {arXiv},
  eprint    = {1908.07656},
  timestamp = {Mon, 26 Aug 2019 13:20:40 +0200},
  biburl    = {https://dblp.org/rec/journals/corr/abs-1908-07656.bib},
  bibsource = {dblp computer science bibliography, https://dblp.org}
}

@misc{svyatkovskiy2020intellicode,
      title={IntelliCode Compose: Code Generation Using Transformer}, 
      author={Alexey Svyatkovskiy and Shao Kun Deng and Shengyu Fu and Neel Sundaresan},
      year={2020},
      eprint={2005.08025},
      archivePrefix={arXiv},
      primaryClass={cs.CL}
}

@inproceedings{NIPS2019_9426,
        title = {Implicit Semantic Data Augmentation for Deep Networks},
       author = {Wang, Yulin and Pan, Xuran and Song, Shiji and Zhang, Hong and Huang, Gao and Wu, Cheng},
    booktitle = {Advances in Neural Information Processing Systems (NeurIPS)},
        pages = {12635--12644},
         year = {2019},
}

@article{DBLP:journals/corr/abs-1909-12220,
  author    = {Yulin Wang and
               Xuran Pan and
               Shiji Song and
               Hong Zhang and
               Cheng Wu and
               Gao Huang},
  title     = {Implicit Semantic Data Augmentation for Deep Networks},
  journal   = {CoRR},
  volume    = {abs/1909.12220},
  year      = {2019},
  url       = {http://arxiv.org/abs/1909.12220},
  archivePrefix = {arXiv},
  eprint    = {1909.12220},
  timestamp = {Fri, 27 Sep 2019 13:04:21 +0200},
  biburl    = {https://dblp.org/rec/journals/corr/abs-1909-12220.bib},
  bibsource = {dblp computer science bibliography, https://dblp.org}
}

@misc{tan2020equalization,
      title={Equalization Loss for Long-Tailed Object Recognition}, 
      author={Jingru Tan and Changbao Wang and Buyu Li and Quanquan Li and Wanli Ouyang and Changqing Yin and Junjie Yan},
      year={2020},
      eprint={2003.05176},
      archivePrefix={arXiv},
      primaryClass={cs.CV}
}

@article{DBLP:journals/corr/LedigTHCATTWS16,
  author    = {Christian Ledig and
               Lucas Theis and
               Ferenc Huszar and
               Jose Caballero and
               Andrew P. Aitken and
               Alykhan Tejani and
               Johannes Totz and
               Zehan Wang and
               Wenzhe Shi},
  title     = {Photo-Realistic Single Image Super-Resolution Using a Generative Adversarial
               Network},
  journal   = {CoRR},
  volume    = {abs/1609.04802},
  year      = {2016},
  url       = {http://arxiv.org/abs/1609.04802},
  archivePrefix = {arXiv},
  eprint    = {1609.04802},
  timestamp = {Mon, 13 Aug 2018 16:48:38 +0200},
  biburl    = {https://dblp.org/rec/journals/corr/LedigTHCATTWS16.bib},
  bibsource = {dblp computer science bibliography, https://dblp.org}
}

@article{chen2020generative,
  title={Generative Pretraining from Pixels},
  author={Chen, Mark and Radford, Alec and Child, Rewon and Wu, Jeff and Jun, Heewoo and Dhariwal, Prafulla and Luan, David and Sutskever, Ilya},
  year={2020}
}

@misc{rippel2017realtime,
      title={Real-Time Adaptive Image Compression}, 
      author={Oren Rippel and Lubomir Bourdev},
      year={2017},
      eprint={1705.05823},
      archivePrefix={arXiv},
      primaryClass={stat.ML}
}

@article{DBLP:journals/corr/ZhuPIE17,
  author    = {Jun{-}Yan Zhu and
               Taesung Park and
               Phillip Isola and
               Alexei A. Efros},
  title     = {Unpaired Image-to-Image Translation using Cycle-Consistent Adversarial
               Networks},
  journal   = {CoRR},
  volume    = {abs/1703.10593},
  year      = {2017},
  url       = {http://arxiv.org/abs/1703.10593},
  archivePrefix = {arXiv},
  eprint    = {1703.10593},
  timestamp = {Mon, 13 Aug 2018 16:48:06 +0200},
  biburl    = {https://dblp.org/rec/journals/corr/ZhuPIE17.bib},
  bibsource = {dblp computer science bibliography, https://dblp.org}
}

@article{DBLP:journals/corr/abs-2001-00179,
  author    = {Rub{\'{e}}n Tolosana and
               Rub{\'{e}}n Vera{-}Rodr{\'{\i}}guez and
               Julian Fi{\'{e}}rrez and
               Aythami Morales and
               Javier Ortega{-}Garcia},
  title     = {DeepFakes and Beyond: {A} Survey of Face Manipulation and Fake Detection},
  journal   = {CoRR},
  volume    = {abs/2001.00179},
  year      = {2020},
  url       = {http://arxiv.org/abs/2001.00179},
  archivePrefix = {arXiv},
  eprint    = {2001.00179},
  timestamp = {Fri, 10 Jan 2020 13:10:19 +0100},
  biburl    = {https://dblp.org/rec/journals/corr/abs-2001-00179.bib},
  bibsource = {dblp computer science bibliography, https://dblp.org}
}

@misc{NICE,
    title={NICE: Non-linear Independent Components Estimation},
    author={Laurent Dinh and David Krueger and Yoshua Bengio},
    year={2014},
    eprint={1410.8516},
    archivePrefix={arXiv},
    primaryClass={cs.LG}
}

@misc{GLOW,
    title={Glow: Generative Flow with Invertible 1x1 Convolutions},
    author={Diederik P. Kingma and Prafulla Dhariwal},
    year={2018},
    eprint={1807.03039},
    archivePrefix={arXiv},
    primaryClass={stat.ML}
}

@misc{RealNVP,
    title={Density estimation using Real NVP},
    author={Laurent Dinh and Jascha Sohl-Dickstein and Samy Bengio},
    year={2016},
    eprint={1605.08803},
    archivePrefix={arXiv},
    primaryClass={cs.LG}
}

@inproceedings{Karras2019stylegan2,
  title     = {Analyzing and Improving the Image Quality of {StyleGAN}},
  author    = {Tero Karras and Samuli Laine and Miika Aittala and Janne Hellsten and Jaakko Lehtinen and Timo Aila},
  booktitle = {Proc. CVPR},
  year      = {2020}
}

